<?xml version="1.0" encoding="UTF-8"?><record xmlns="http://www.loc.gov/MARC21/slim" xmlns:cinclude="http://apache.org/cocoon/include/1.0" xmlns:zs="http://www.loc.gov/zing/srw/">
  <leader>00384nz  a2200133n  4500</leader>
  <controlfield tag="001">no2006014853</controlfield>
  <controlfield tag="003">DLC</controlfield>
  <controlfield tag="005">20060211071031.0</controlfield>
  <controlfield tag="008">060206n| acannaabn          |n ana     c</controlfield>
  <datafield tag="010" ind1=" " ind2=" ">
    <subfield code="a">no2006014853</subfield>
  </datafield>
  <datafield tag="035" ind1=" " ind2=" ">
    <subfield code="a">(OCoLC)oca06852116</subfield>
  </datafield>
  <datafield tag="040" ind1=" " ind2=" ">
    <subfield code="a">ViU</subfield>
    <subfield code="b">eng</subfield>
    <subfield code="c">ViU</subfield>
  </datafield>
  <datafield tag="110" ind1="2" ind2=" ">
    <subfield code="a">Rockingham Memorial Hospital (Harrisonburg, Va.)</subfield>
  </datafield>
  <datafield tag="670" ind1=" " ind2=" ">
    <subfield code="a">Called to care, c2004:</subfield>
    <subfield code="b">t.p. (Rockingham Memorial Hospital)</subfield>
  </datafield>
</record>